%YAML 1.1
%TAG !u! tag:unity3d.com,2011:
--- !u!29 &1
SceneSettings:
  m_ObjectHideFlags: 0
  m_PVSData: 
  m_PVSObjectsArray: []
  m_PVSPortalsArray: []
  m_OcclusionBakeSettings:
    smallestOccluder: 5
    smallestHole: .25
    backfaceThreshold: 100
--- !u!104 &2
RenderSettings:
  m_Fog: 0
  m_FogColor: {r: .5, g: .5, b: .5, a: 1}
  m_FogMode: 3
  m_FogDensity: .00999999978
  m_LinearFogStart: 0
  m_LinearFogEnd: 300
  m_AmbientLight: {r: .200000003, g: .200000003, b: .200000003, a: 1}
  m_SkyboxMaterial: {fileID: 0}
  m_HaloStrength: .5
  m_FlareStrength: 1
  m_FlareFadeSpeed: 3
  m_HaloTexture: {fileID: 0}
  m_SpotCookie: {fileID: 0}
  m_ObjectHideFlags: 0
--- !u!127 &3
LevelGameManager:
  m_ObjectHideFlags: 0
--- !u!157 &4
LightmapSettings:
  m_ObjectHideFlags: 0
  m_LightProbes: {fileID: 0}
  m_Lightmaps: []
  m_LightmapsMode: 1
  m_BakedColorSpace: 0
  m_UseDualLightmapsInForward: 0
  m_LightmapEditorSettings:
    m_Resolution: 50
    m_LastUsedResolution: 0
    m_TextureWidth: 1024
    m_TextureHeight: 1024
    m_BounceBoost: 1
    m_BounceIntensity: 1
    m_SkyLightColor: {r: .860000014, g: .930000007, b: 1, a: 1}
    m_SkyLightIntensity: 0
    m_Quality: 0
    m_Bounces: 1
    m_FinalGatherRays: 1000
    m_FinalGatherContrastThreshold: .0500000007
    m_FinalGatherGradientThreshold: 0
    m_FinalGatherInterpolationPoints: 15
    m_AOAmount: 0
    m_AOMaxDistance: .100000001
    m_AOContrast: 1
    m_LODSurfaceMappingDistance: 1
    m_Padding: 0
    m_TextureCompression: 0
    m_LockAtlas: 0
--- !u!196 &5
NavMeshSettings:
  m_ObjectHideFlags: 0
  m_BuildSettings:
    agentRadius: .5
    agentHeight: 2
    agentSlope: 45
    agentClimb: .400000006
    ledgeDropHeight: 0
    maxJumpAcrossDistance: 0
    accuratePlacement: 0
    minRegionArea: 2
    widthInaccuracy: 16.666666
    heightInaccuracy: 10
  m_NavMesh: {fileID: 0}
--- !u!1001 &87167724
Prefab:
  m_ObjectHideFlags: 0
  serializedVersion: 2
  m_Modification:
    m_TransformParent: {fileID: 0}
    m_Modifications:
    - target: {fileID: 400000, guid: 67121f01250584cadacc41c7ebe592b0, type: 2}
      propertyPath: m_LocalPosition.x
      value: 0
      objectReference: {fileID: 0}
    - target: {fileID: 400000, guid: 67121f01250584cadacc41c7ebe592b0, type: 2}
      propertyPath: m_LocalPosition.y
      value: 0
      objectReference: {fileID: 0}
    - target: {fileID: 400000, guid: 67121f01250584cadacc41c7ebe592b0, type: 2}
      propertyPath: m_LocalPosition.z
      value: 1
      objectReference: {fileID: 0}
    - target: {fileID: 400000, guid: 67121f01250584cadacc41c7ebe592b0, type: 2}
      propertyPath: m_LocalRotation.x
      value: 0
      objectReference: {fileID: 0}
    - target: {fileID: 400000, guid: 67121f01250584cadacc41c7ebe592b0, type: 2}
      propertyPath: m_LocalRotation.y
      value: 0
      objectReference: {fileID: 0}
    - target: {fileID: 400000, guid: 67121f01250584cadacc41c7ebe592b0, type: 2}
      propertyPath: m_LocalRotation.z
      value: 0
      objectReference: {fileID: 0}
    - target: {fileID: 400000, guid: 67121f01250584cadacc41c7ebe592b0, type: 2}
      propertyPath: m_LocalRotation.w
      value: 1
      objectReference: {fileID: 0}
    - target: {fileID: 11400000, guid: 67121f01250584cadacc41c7ebe592b0, type: 2}
      propertyPath: backStyle.m_Hover.m_Background
      value: 
      objectReference: {fileID: 0}
    - target: {fileID: 11400000, guid: 67121f01250584cadacc41c7ebe592b0, type: 2}
      propertyPath: buttonClip
      value: 
      objectReference: {fileID: 8300000, guid: 7fb354335e2994aad9644f39c1cc2af6, type: 3}
    - target: {fileID: 11400002, guid: 67121f01250584cadacc41c7ebe592b0, type: 2}
      propertyPath: BG
      value: 
      objectReference: {fileID: 2800000, guid: e6ca2abf60b0f4a0280c6cd61c9fb504, type: 3}
    - target: {fileID: 11400000, guid: 67121f01250584cadacc41c7ebe592b0, type: 2}
      propertyPath: faq
      value: 
      objectReference: {fileID: 2800000, guid: aeebe17b3927045fc8e57be2ed09bb2b, type: 3}
    - target: {fileID: 11400000, guid: 67121f01250584cadacc41c7ebe592b0, type: 2}
      propertyPath: menuOn
      value: 
      objectReference: {fileID: 8300000, guid: 6910b59c51a504a32b47fe609ab06e04, type: 3}
    - target: {fileID: 11400000, guid: 67121f01250584cadacc41c7ebe592b0, type: 2}
      propertyPath: menuOff
      value: 
      objectReference: {fileID: 8300000, guid: 4b8a776a141cd4ec5aefc79b5384f8b5, type: 3}
    - target: {fileID: 11400000, guid: 67121f01250584cadacc41c7ebe592b0, type: 2}
      propertyPath: playForFun
      value: 
      objectReference: {fileID: 2800000, guid: 6ddae2c8d126542a8b5d8d646d558876, type: 3}
    - target: {fileID: 11400000, guid: 67121f01250584cadacc41c7ebe592b0, type: 2}
      propertyPath: playForMoney
      value: 
      objectReference: {fileID: 2800000, guid: 996e778cc9c55414cb2d19124eb62ec5, type: 3}
    - target: {fileID: 11400000, guid: 67121f01250584cadacc41c7ebe592b0, type: 2}
      propertyPath: playForFunStyle.m_Normal.m_Background
      value: 
      objectReference: {fileID: 2800000, guid: 6ddae2c8d126542a8b5d8d646d558876, type: 3}
    - target: {fileID: 11400000, guid: 67121f01250584cadacc41c7ebe592b0, type: 2}
      propertyPath: playForFunStyle.m_Active.m_Background
      value: 
      objectReference: {fileID: 2800000, guid: a8feeba33a99f482b89a5551db9fe6c5, type: 3}
    - target: {fileID: 11400000, guid: 67121f01250584cadacc41c7ebe592b0, type: 2}
      propertyPath: playForCashStyle.m_Normal.m_Background
      value: 
      objectReference: {fileID: 2800000, guid: 996e778cc9c55414cb2d19124eb62ec5, type: 3}
    - target: {fileID: 11400000, guid: 67121f01250584cadacc41c7ebe592b0, type: 2}
      propertyPath: playForCashStyle.m_Active.m_Background
      value: 
      objectReference: {fileID: 2800000, guid: ce9c8d279023e42919c47f499f4f3716, type: 3}
    - target: {fileID: 11400000, guid: 67121f01250584cadacc41c7ebe592b0, type: 2}
      propertyPath: contactbSPotStyle.m_Normal.m_Background
      value: 
      objectReference: {fileID: 2800000, guid: aeebe17b3927045fc8e57be2ed09bb2b, type: 3}
    - target: {fileID: 11400000, guid: 67121f01250584cadacc41c7ebe592b0, type: 2}
      propertyPath: contactbSPotStyle.m_Active.m_Background
      value: 
      objectReference: {fileID: 2800000, guid: e5a434e7020c348e3b3c4b358265a127, type: 3}
    m_RemovedComponents: []
  m_ParentPrefab: {fileID: 100100000, guid: 67121f01250584cadacc41c7ebe592b0, type: 2}
  m_RootGameObject: {fileID: 998896749}
  m_IsPrefabParent: 0
  m_IsExploded: 1
--- !u!1 &998896749
GameObject:
  m_ObjectHideFlags: 0
  m_PrefabParentObject: {fileID: 100000, guid: 67121f01250584cadacc41c7ebe592b0, type: 2}
  m_PrefabInternal: {fileID: 87167724}
  serializedVersion: 4
  m_Component:
  - 4: {fileID: 998896752}
  - 114: {fileID: 998896751}
  - 82: {fileID: 998896750}
  m_Layer: 0
  m_Name: HelpScene
  m_TagString: Untagged
  m_Icon: {fileID: 0}
  m_NavMeshLayer: 0
  m_StaticEditorFlags: 0
  m_IsActive: 1
--- !u!82 &998896750
AudioSource:
  m_ObjectHideFlags: 0
  m_PrefabParentObject: {fileID: 8200000, guid: 67121f01250584cadacc41c7ebe592b0,
    type: 2}
  m_PrefabInternal: {fileID: 87167724}
  m_GameObject: {fileID: 998896749}
  m_Enabled: 1
  serializedVersion: 3
  m_audioClip: {fileID: 0}
  m_PlayOnAwake: 1
  m_Volume: 1
  m_Pitch: 1
  Loop: 0
  Mute: 0
  Priority: 128
  DopplerLevel: 1
  MinDistance: 1
  MaxDistance: 500
  Pan2D: 0
  rolloffMode: 0
  BypassEffects: 0
  BypassListenerEffects: 0
  BypassReverbZones: 0
  rolloffCustomCurve:
    serializedVersion: 2
    m_Curve:
    - time: 0
      value: 1
      inSlope: 0
      outSlope: 0
      tangentMode: 0
    - time: 1
      value: 0
      inSlope: 0
      outSlope: 0
      tangentMode: 0
    m_PreInfinity: 2
    m_PostInfinity: 2
  panLevelCustomCurve:
    serializedVersion: 2
    m_Curve:
    - time: 0
      value: 1
      inSlope: 0
      outSlope: 0
      tangentMode: 0
    m_PreInfinity: 2
    m_PostInfinity: 2
  spreadCustomCurve:
    serializedVersion: 2
    m_Curve:
    - time: 0
      value: 0
      inSlope: 0
      outSlope: 0
      tangentMode: 0
    m_PreInfinity: 2
    m_PostInfinity: 2
--- !u!114 &998896751
MonoBehaviour:
  m_ObjectHideFlags: 0
  m_PrefabParentObject: {fileID: 11400000, guid: 67121f01250584cadacc41c7ebe592b0,
    type: 2}
  m_PrefabInternal: {fileID: 87167724}
  m_GameObject: {fileID: 998896749}
  m_Enabled: 1
  m_EditorHideFlags: 0
  m_Script: {fileID: 11500000, guid: 5acee557148079c47a791fb0190df81e, type: 3}
  m_Name: 
  m_EditorClassIdentifier: 
  buttonClip: {fileID: 8300000, guid: 7fb354335e2994aad9644f39c1cc2af6, type: 3}
  menuOn: {fileID: 8300000, guid: 6910b59c51a504a32b47fe609ab06e04, type: 3}
  menuOff: {fileID: 8300000, guid: 4b8a776a141cd4ec5aefc79b5384f8b5, type: 3}
  back: {fileID: 2800000, guid: 14e66996f7869478baa338748ebf2e24, type: 3}
  backRect:
    serializedVersion: 2
    x: 0
    y: 0
    width: 0
    height: 0
  backStyle:
    m_Name: 
    m_Normal:
      m_Background: {fileID: 2800000, guid: 14e66996f7869478baa338748ebf2e24, type: 3}
      m_TextColor: {r: 0, g: 0, b: 0, a: 1}
    m_Hover:
      m_Background: {fileID: 0}
      m_TextColor: {r: 0, g: 0, b: 0, a: 1}
    m_Active:
      m_Background: {fileID: 2800000, guid: 14e66996f7869478baa338748ebf2e24, type: 3}
      m_TextColor: {r: 0, g: 0, b: 0, a: 1}
    m_Focused:
      m_Background: {fileID: 0}
      m_TextColor: {r: 0, g: 0, b: 0, a: 1}
    m_OnNormal:
      m_Background: {fileID: 0}
      m_TextColor: {r: 0, g: 0, b: 0, a: 1}
    m_OnHover:
      m_Background: {fileID: 0}
      m_TextColor: {r: 0, g: 0, b: 0, a: 1}
    m_OnActive:
      m_Background: {fileID: 0}
      m_TextColor: {r: 0, g: 0, b: 0, a: 1}
    m_OnFocused:
      m_Background: {fileID: 0}
      m_TextColor: {r: 0, g: 0, b: 0, a: 1}
    m_Border:
      m_Left: 0
      m_Right: 0
      m_Top: 0
      m_Bottom: 0
    m_Margin:
      m_Left: 0
      m_Right: 0
      m_Top: 0
      m_Bottom: 0
    m_Padding:
      m_Left: 0
      m_Right: 0
      m_Top: 0
      m_Bottom: 0
    m_Overflow:
      m_Left: 0
      m_Right: 0
      m_Top: 0
      m_Bottom: 0
    m_Font: {fileID: 0}
    m_FontSize: 0
    m_FontStyle: 0
    m_Alignment: 0
    m_WordWrap: 0
    m_RichText: 1
    m_TextClipping: 0
    m_ImagePosition: 0
    m_ContentOffset: {x: 0, y: 0}
    m_FixedWidth: 0
    m_FixedHeight: 0
    m_StretchWidth: 1
    m_StretchHeight: 0
  backButton: {fileID: 2800000, guid: ed4d83eb1c05045478df23b9c757f0ea, type: 3}
  playForFun: {fileID: 2800000, guid: 6ddae2c8d126542a8b5d8d646d558876, type: 3}
  playForMoney: {fileID: 2800000, guid: 996e778cc9c55414cb2d19124eb62ec5, type: 3}
  setUp: {fileID: 2800000, guid: b67d679d6595f4b9588ec3c842534105, type: 3}
  classicMode: {fileID: 2800000, guid: 72659c9b81d0c4e21bda402b8027a48a, type: 3}
  arcadeMode: {fileID: 2800000, guid: 51c058f4dd6ad4611a5eec6b9b934654, type: 3}
  faq: {fileID: 2800000, guid: aeebe17b3927045fc8e57be2ed09bb2b, type: 3}
  contact: {fileID: 2800000, guid: aeebe17b3927045fc8e57be2ed09bb2b, type: 3}
  playForFunRect:
    serializedVersion: 2
    x: 0
    y: 0
    width: 0
    height: 0
  playForMoneyRect:
    serializedVersion: 2
    x: 0
    y: 0
    width: 0
    height: 0
  setUpRect:
    serializedVersion: 2
    x: 0
    y: 0
    width: 0
    height: 0
  classicModeRect:
    serializedVersion: 2
    x: 0
    y: 0
    width: 0
    height: 0
  arcadeModeRect:
    serializedVersion: 2
    x: 0
    y: 0
    width: 0
    height: 0
  faqRect:
    serializedVersion: 2
    x: 0
    y: 0
    width: 0
    height: 0
  contactRect:
    serializedVersion: 2
    x: 0
    y: 0
    width: 0
    height: 0
  right:
    m_Name: 
    m_Normal:
      m_Background: {fileID: 2800000, guid: cd342918967a4754db20086267fcbd5d, type: 3}
      m_TextColor: {r: 0, g: 0, b: 0, a: 1}
    m_Hover:
      m_Background: {fileID: 2800000, guid: a5a56f9a787457e44b8ea2e5a10db2ad, type: 3}
      m_TextColor: {r: 0, g: 0, b: 0, a: 1}
    m_Active:
      m_Background: {fileID: 2800000, guid: a5a56f9a787457e44b8ea2e5a10db2ad, type: 3}
      m_TextColor: {r: 0, g: 0, b: 0, a: 1}
    m_Focused:
      m_Background: {fileID: 0}
      m_TextColor: {r: 0, g: 0, b: 0, a: 1}
    m_OnNormal:
      m_Background: {fileID: 0}
      m_TextColor: {r: 0, g: 0, b: 0, a: 1}
    m_OnHover:
      m_Background: {fileID: 0}
      m_TextColor: {r: 0, g: 0, b: 0, a: 1}
    m_OnActive:
      m_Background: {fileID: 0}
      m_TextColor: {r: 0, g: 0, b: 0, a: 1}
    m_OnFocused:
      m_Background: {fileID: 0}
      m_TextColor: {r: 0, g: 0, b: 0, a: 1}
    m_Border:
      m_Left: 0
      m_Right: 0
      m_Top: 0
      m_Bottom: 0
    m_Margin:
      m_Left: 0
      m_Right: 0
      m_Top: 0
      m_Bottom: 0
    m_Padding:
      m_Left: 0
      m_Right: 0
      m_Top: 0
      m_Bottom: 0
    m_Overflow:
      m_Left: 0
      m_Right: 0
      m_Top: 0
      m_Bottom: 0
    m_Font: {fileID: 0}
    m_FontSize: 0
    m_FontStyle: 0
    m_Alignment: 0
    m_WordWrap: 0
    m_RichText: 1
    m_TextClipping: 0
    m_ImagePosition: 0
    m_ContentOffset: {x: 0, y: 0}
    m_FixedWidth: 0
    m_FixedHeight: 0
    m_StretchWidth: 1
    m_StretchHeight: 0
  left:
    m_Name: 
    m_Normal:
      m_Background: {fileID: 2800000, guid: cbb6197fe241cd8428bb4264de640a7e, type: 3}
      m_TextColor: {r: 0, g: 0, b: 0, a: 1}
    m_Hover:
      m_Background: {fileID: 2800000, guid: d7b94c2c11e8a4d42b7d659aa5c284f5, type: 3}
      m_TextColor: {r: 0, g: 0, b: 0, a: 1}
    m_Active:
      m_Background: {fileID: 2800000, guid: d7b94c2c11e8a4d42b7d659aa5c284f5, type: 3}
      m_TextColor: {r: 0, g: 0, b: 0, a: 1}
    m_Focused:
      m_Background: {fileID: 0}
      m_TextColor: {r: 0, g: 0, b: 0, a: 1}
    m_OnNormal:
      m_Background: {fileID: 0}
      m_TextColor: {r: 0, g: 0, b: 0, a: 1}
    m_OnHover:
      m_Background: {fileID: 0}
      m_TextColor: {r: 0, g: 0, b: 0, a: 1}
    m_OnActive:
      m_Background: {fileID: 0}
      m_TextColor: {r: 0, g: 0, b: 0, a: 1}
    m_OnFocused:
      m_Background: {fileID: 0}
      m_TextColor: {r: 0, g: 0, b: 0, a: 1}
    m_Border:
      m_Left: 0
      m_Right: 0
      m_Top: 0
      m_Bottom: 0
    m_Margin:
      m_Left: 0
      m_Right: 0
      m_Top: 0
      m_Bottom: 0
    m_Padding:
      m_Left: 0
      m_Right: 0
      m_Top: 0
      m_Bottom: 0
    m_Overflow:
      m_Left: 0
      m_Right: 0
      m_Top: 0
      m_Bottom: 0
    m_Font: {fileID: 0}
    m_FontSize: 0
    m_FontStyle: 0
    m_Alignment: 0
    m_WordWrap: 0
    m_RichText: 1
    m_TextClipping: 0
    m_ImagePosition: 0
    m_ContentOffset: {x: 0, y: 0}
    m_FixedWidth: 0
    m_FixedHeight: 0
    m_StretchWidth: 1
    m_StretchHeight: 0
  playForFunStyle:
    m_Name: 
    m_Normal:
      m_Background: {fileID: 2800000, guid: 6ddae2c8d126542a8b5d8d646d558876, type: 3}
      m_TextColor: {r: 0, g: 0, b: 0, a: 1}
    m_Hover:
      m_Background: {fileID: 0}
      m_TextColor: {r: 0, g: 0, b: 0, a: 1}
    m_Active:
      m_Background: {fileID: 2800000, guid: a8feeba33a99f482b89a5551db9fe6c5, type: 3}
      m_TextColor: {r: 0, g: 0, b: 0, a: 1}
    m_Focused:
      m_Background: {fileID: 0}
      m_TextColor: {r: 0, g: 0, b: 0, a: 1}
    m_OnNormal:
      m_Background: {fileID: 0}
      m_TextColor: {r: 0, g: 0, b: 0, a: 1}
    m_OnHover:
      m_Background: {fileID: 0}
      m_TextColor: {r: 0, g: 0, b: 0, a: 1}
    m_OnActive:
      m_Background: {fileID: 0}
      m_TextColor: {r: 0, g: 0, b: 0, a: 1}
    m_OnFocused:
      m_Background: {fileID: 0}
      m_TextColor: {r: 0, g: 0, b: 0, a: 1}
    m_Border:
      m_Left: 0
      m_Right: 0
      m_Top: 0
      m_Bottom: 0
    m_Margin:
      m_Left: 0
      m_Right: 0
      m_Top: 0
      m_Bottom: 0
    m_Padding:
      m_Left: 0
      m_Right: 0
      m_Top: 0
      m_Bottom: 0
    m_Overflow:
      m_Left: 0
      m_Right: 0
      m_Top: 0
      m_Bottom: 0
    m_Font: {fileID: 0}
    m_FontSize: 0
    m_FontStyle: 0
    m_Alignment: 0
    m_WordWrap: 0
    m_RichText: 1
    m_TextClipping: 0
    m_ImagePosition: 0
    m_ContentOffset: {x: 0, y: 0}
    m_FixedWidth: 0
    m_FixedHeight: 0
    m_StretchWidth: 1
    m_StretchHeight: 0
  playForCashStyle:
    m_Name: 
    m_Normal:
      m_Background: {fileID: 2800000, guid: 996e778cc9c55414cb2d19124eb62ec5, type: 3}
      m_TextColor: {r: 0, g: 0, b: 0, a: 1}
    m_Hover:
      m_Background: {fileID: 0}
      m_TextColor: {r: 0, g: 0, b: 0, a: 1}
    m_Active:
      m_Background: {fileID: 2800000, guid: ce9c8d279023e42919c47f499f4f3716, type: 3}
      m_TextColor: {r: 0, g: 0, b: 0, a: 1}
    m_Focused:
      m_Background: {fileID: 0}
      m_TextColor: {r: 0, g: 0, b: 0, a: 1}
    m_OnNormal:
      m_Background: {fileID: 0}
      m_TextColor: {r: 0, g: 0, b: 0, a: 1}
    m_OnHover:
      m_Background: {fileID: 0}
      m_TextColor: {r: 0, g: 0, b: 0, a: 1}
    m_OnActive:
      m_Background: {fileID: 0}
      m_TextColor: {r: 0, g: 0, b: 0, a: 1}
    m_OnFocused:
      m_Background: {fileID: 0}
      m_TextColor: {r: 0, g: 0, b: 0, a: 1}
    m_Border:
      m_Left: 0
      m_Right: 0
      m_Top: 0
      m_Bottom: 0
    m_Margin:
      m_Left: 0
      m_Right: 0
      m_Top: 0
      m_Bottom: 0
    m_Padding:
      m_Left: 0
      m_Right: 0
      m_Top: 0
      m_Bottom: 0
    m_Overflow:
      m_Left: 0
      m_Right: 0
      m_Top: 0
      m_Bottom: 0
    m_Font: {fileID: 0}
    m_FontSize: 0
    m_FontStyle: 0
    m_Alignment: 0
    m_WordWrap: 0
    m_RichText: 1
    m_TextClipping: 0
    m_ImagePosition: 0
    m_ContentOffset: {x: 0, y: 0}
    m_FixedWidth: 0
    m_FixedHeight: 0
    m_StretchWidth: 1
    m_StretchHeight: 0
  contactbSPotStyle:
    m_Name: 
    m_Normal:
      m_Background: {fileID: 2800000, guid: aeebe17b3927045fc8e57be2ed09bb2b, type: 3}
      m_TextColor: {r: 0, g: 0, b: 0, a: 1}
    m_Hover:
      m_Background: {fileID: 0}
      m_TextColor: {r: 0, g: 0, b: 0, a: 1}
    m_Active:
      m_Background: {fileID: 2800000, guid: e5a434e7020c348e3b3c4b358265a127, type: 3}
      m_TextColor: {r: 0, g: 0, b: 0, a: 1}
    m_Focused:
      m_Background: {fileID: 0}
      m_TextColor: {r: 0, g: 0, b: 0, a: 1}
    m_OnNormal:
      m_Background: {fileID: 0}
      m_TextColor: {r: 0, g: 0, b: 0, a: 1}
    m_OnHover:
      m_Background: {fileID: 0}
      m_TextColor: {r: 0, g: 0, b: 0, a: 1}
    m_OnActive:
      m_Background: {fileID: 0}
      m_TextColor: {r: 0, g: 0, b: 0, a: 1}
    m_OnFocused:
      m_Background: {fileID: 0}
      m_TextColor: {r: 0, g: 0, b: 0, a: 1}
    m_Border:
      m_Left: 0
      m_Right: 0
      m_Top: 0
      m_Bottom: 0
    m_Margin:
      m_Left: 0
      m_Right: 0
      m_Top: 0
      m_Bottom: 0
    m_Padding:
      m_Left: 0
      m_Right: 0
      m_Top: 0
      m_Bottom: 0
    m_Overflow:
      m_Left: 0
      m_Right: 0
      m_Top: 0
      m_Bottom: 0
    m_Font: {fileID: 0}
    m_FontSize: 0
    m_FontStyle: 0
    m_Alignment: 0
    m_WordWrap: 0
    m_RichText: 1
    m_TextClipping: 0
    m_ImagePosition: 0
    m_ContentOffset: {x: 0, y: 0}
    m_FixedWidth: 0
    m_FixedHeight: 0
    m_StretchWidth: 1
    m_StretchHeight: 0
--- !u!4 &998896752
Transform:
  m_ObjectHideFlags: 0
  m_PrefabParentObject: {fileID: 400000, guid: 67121f01250584cadacc41c7ebe592b0, type: 2}
  m_PrefabInternal: {fileID: 87167724}
  m_GameObject: {fileID: 998896749}
  m_LocalRotation: {x: 0, y: 0, z: 0, w: 1}
  m_LocalPosition: {x: 0, y: 0, z: 1}
  m_LocalScale: {x: 1, y: 1, z: 1}
  m_Children:
  - {fileID: 1296279276}
  m_Father: {fileID: 0}
--- !u!1 &1296279274
GameObject:
  m_ObjectHideFlags: 0
  m_PrefabParentObject: {fileID: 100002, guid: 67121f01250584cadacc41c7ebe592b0, type: 2}
  m_PrefabInternal: {fileID: 87167724}
  serializedVersion: 4
  m_Component:
  - 4: {fileID: 1296279276}
  - 114: {fileID: 1296279275}
  m_Layer: 0
  m_Name: BG
  m_TagString: Untagged
  m_Icon: {fileID: 0}
  m_NavMeshLayer: 0
  m_StaticEditorFlags: 0
  m_IsActive: 1
--- !u!114 &1296279275
MonoBehaviour:
  m_ObjectHideFlags: 0
  m_PrefabParentObject: {fileID: 11400002, guid: 67121f01250584cadacc41c7ebe592b0,
    type: 2}
  m_PrefabInternal: {fileID: 87167724}
  m_GameObject: {fileID: 1296279274}
  m_Enabled: 1
  m_EditorHideFlags: 0
  m_Script: {fileID: 11500000, guid: 4eed6cdaddf424e19a829aee8500208e, type: 3}
  m_Name: 
  m_EditorClassIdentifier: 
  frame: {fileID: 2800000, guid: 8bc376b5b15304792af696a8784926ab, type: 3}
  BG: {fileID: 2800000, guid: e6ca2abf60b0f4a0280c6cd61c9fb504, type: 3}
--- !u!4 &1296279276
Transform:
  m_ObjectHideFlags: 0
  m_PrefabParentObject: {fileID: 400002, guid: 67121f01250584cadacc41c7ebe592b0, type: 2}
  m_PrefabInternal: {fileID: 87167724}
  m_GameObject: {fileID: 1296279274}
  m_LocalRotation: {x: 0, y: 0, z: 0, w: 1}
  m_LocalPosition: {x: 0, y: 0, z: -1}
  m_LocalScale: {x: 1, y: 1, z: 1}
  m_Children: []
  m_Father: {fileID: 998896752}
--- !u!1 &1784511298
GameObject:
  m_ObjectHideFlags: 0
  m_PrefabParentObject: {fileID: 0}
  m_PrefabInternal: {fileID: 0}
  serializedVersion: 4
  m_Component:
  - 4: {fileID: 1784511303}
  - 20: {fileID: 1784511302}
  - 92: {fileID: 1784511301}
  - 124: {fileID: 1784511300}
  - 81: {fileID: 1784511299}
  m_Layer: 0
  m_Name: Main Camera
  m_TagString: MainCamera
  m_Icon: {fileID: 0}
  m_NavMeshLayer: 0
  m_StaticEditorFlags: 0
  m_IsActive: 1
--- !u!81 &1784511299
AudioListener:
  m_ObjectHideFlags: 0
  m_PrefabParentObject: {fileID: 0}
  m_PrefabInternal: {fileID: 0}
  m_GameObject: {fileID: 1784511298}
  m_Enabled: 1
--- !u!124 &1784511300
Behaviour:
  m_ObjectHideFlags: 0
  m_PrefabParentObject: {fileID: 0}
  m_PrefabInternal: {fileID: 0}
  m_GameObject: {fileID: 1784511298}
  m_Enabled: 1
--- !u!92 &1784511301
Behaviour:
  m_ObjectHideFlags: 0
  m_PrefabParentObject: {fileID: 0}
  m_PrefabInternal: {fileID: 0}
  m_GameObject: {fileID: 1784511298}
  m_Enabled: 1
--- !u!20 &1784511302
Camera:
  m_ObjectHideFlags: 0
  m_PrefabParentObject: {fileID: 0}
  m_PrefabInternal: {fileID: 0}
  m_GameObject: {fileID: 1784511298}
  m_Enabled: 1
  serializedVersion: 2
  m_ClearFlags: 1
  m_BackGroundColor: {r: .886206925, g: .886206925, b: .886206925, a: .80392158}
  m_NormalizedViewPortRect:
    serializedVersion: 2
    x: 0
    y: 0
    width: 1
    height: 1
  near clip plane: .300000012
  far clip plane: 1000
  field of view: 60
  orthographic: 0
  orthographic size: 5
  m_Depth: -1
  m_CullingMask:
    serializedVersion: 2
    m_Bits: 4294967295
  m_RenderingPath: -1
  m_TargetTexture: {fileID: 0}
  m_HDR: 0
  m_OcclusionCulling: 1
--- !u!4 &1784511303
Transform:
  m_ObjectHideFlags: 0
  m_PrefabParentObject: {fileID: 0}
  m_PrefabInternal: {fileID: 0}
  m_GameObject: {fileID: 1784511298}
  m_LocalRotation: {x: 0, y: 0, z: 0, w: 1}
  m_LocalPosition: {x: 0, y: 1, z: -10}
  m_LocalScale: {x: 1, y: 1, z: 1}
  m_Children: []
  m_Father: {fileID: 0}
